%YAML 1.1
%TAG !u! tag:unity3d.com,2011:
--- !u!1 &2616974272138482833
GameObject:
  m_ObjectHideFlags: 0
  m_CorrespondingSourceObject: {fileID: 0}
  m_PrefabInstance: {fileID: 0}
  m_PrefabAsset: {fileID: 0}
  serializedVersion: 6
  m_Component:
  - component: {fileID: 390988663485018545}
  - component: {fileID: 10336468038268543}
  m_Layer: 10
  m_Name: Grab PointR
  m_TagString: Untagged
  m_Icon: {fileID: 0}
  m_NavMeshLayer: 0
  m_StaticEditorFlags: 0
  m_IsActive: 1
--- !u!4 &390988663485018545
Transform:
  m_ObjectHideFlags: 0
  m_CorrespondingSourceObject: {fileID: 0}
  m_PrefabInstance: {fileID: 0}
  m_PrefabAsset: {fileID: 0}
  m_GameObject: {fileID: 2616974272138482833}
  m_LocalRotation: {x: -0.16614746, y: 0.00000002235174, z: 0.000000029802319, w: 0.986101}
  m_LocalPosition: {x: 0.0133, y: 0.057, z: 0.158}
  m_LocalScale: {x: 1, y: 1, z: 1}
  m_ConstrainProportionsScale: 0
  m_Children: []
  m_Father: {fileID: 4985738277517645792}
  m_RootOrder: 2
  m_LocalEulerAnglesHint: {x: -19.128, y: 0, z: 0}
--- !u!114 &10336468038268543
MonoBehaviour:
  m_ObjectHideFlags: 0
  m_CorrespondingSourceObject: {fileID: 0}
  m_PrefabInstance: {fileID: 0}
  m_PrefabAsset: {fileID: 0}
  m_GameObject: {fileID: 2616974272138482833}
  m_Enabled: 1
  m_EditorHideFlags: 0
  m_Script: {fileID: 11500000, guid: ab52d2f563d6a2547a95671c153ebbb3, type: 3}
  m_Name: 
  m_EditorClassIdentifier: 
  handPoseType: 3
  SelectedHandPose: {fileID: 0}
  HandPose: 0
  LeftHandIsValid: 0
  RightHandIsValid: 1
  HandPosition: {fileID: 0}
  MaxDegreeDifferenceAllowed: 360
  IndexBlendMin: 0
  IndexBlendMax: 0
  ThumbBlendMin: 0
  ThumbBlendMax: 0
  ShowAngleGizmo: 1
--- !u!1 &5275470522249806447
GameObject:
  m_ObjectHideFlags: 0
  m_CorrespondingSourceObject: {fileID: 0}
  m_PrefabInstance: {fileID: 0}
  m_PrefabAsset: {fileID: 0}
  serializedVersion: 6
  m_Component:
  - component: {fileID: 8160874498195508357}
  - component: {fileID: 629397351724857883}
  - component: {fileID: 9059584822665406148}
  m_Layer: 0
  m_Name: Cube
  m_TagString: Untagged
  m_Icon: {fileID: 0}
  m_NavMeshLayer: 0
  m_StaticEditorFlags: 0
  m_IsActive: 1
--- !u!4 &8160874498195508357
Transform:
  m_ObjectHideFlags: 0
  m_CorrespondingSourceObject: {fileID: 0}
  m_PrefabInstance: {fileID: 0}
  m_PrefabAsset: {fileID: 0}
  m_GameObject: {fileID: 5275470522249806447}
  m_LocalRotation: {x: 0, y: 1, z: 0, w: -0.00000004371139}
  m_LocalPosition: {x: 0, y: 0.13, z: 0.18}
  m_LocalScale: {x: 26.728603, y: 26.728603, z: 26.728603}
  m_ConstrainProportionsScale: 0
  m_Children: []
  m_Father: {fileID: 4985738277517645792}
  m_RootOrder: 0
  m_LocalEulerAnglesHint: {x: -360, y: 183.421, z: 0}
--- !u!33 &629397351724857883
MeshFilter:
  m_ObjectHideFlags: 0
  m_CorrespondingSourceObject: {fileID: 0}
  m_PrefabInstance: {fileID: 0}
  m_PrefabAsset: {fileID: 0}
  m_GameObject: {fileID: 5275470522249806447}
  m_Mesh: {fileID: -5495902117074765545, guid: e958c8f5dae91e44eab359aab9c905ae, type: 3}
--- !u!23 &9059584822665406148
MeshRenderer:
  m_ObjectHideFlags: 0
  m_CorrespondingSourceObject: {fileID: 0}
  m_PrefabInstance: {fileID: 0}
  m_PrefabAsset: {fileID: 0}
  m_GameObject: {fileID: 5275470522249806447}
  m_Enabled: 1
  m_CastShadows: 1
  m_ReceiveShadows: 1
  m_DynamicOccludee: 1
  m_StaticShadowCaster: 0
  m_MotionVectors: 1
  m_LightProbeUsage: 1
  m_ReflectionProbeUsage: 1
  m_RayTracingMode: 2
  m_RayTraceProcedural: 0
  m_RenderingLayerMask: 1
  m_RendererPriority: 0
  m_Materials:
  - {fileID: 2100000, guid: 0fbcb98fdd0a7c84d93e9c8b2f0bc47c, type: 2}
  - {fileID: 2100000, guid: 5d5142a08102d9e44ba2522410aad383, type: 2}
  m_StaticBatchInfo:
    firstSubMesh: 0
    subMeshCount: 0
  m_StaticBatchRoot: {fileID: 0}
  m_ProbeAnchor: {fileID: 0}
  m_LightProbeVolumeOverride: {fileID: 0}
  m_ScaleInLightmap: 1
  m_ReceiveGI: 1
  m_PreserveUVs: 0
  m_IgnoreNormalsForChartDetection: 0
  m_ImportantGI: 0
  m_StitchLightmapSeams: 1
  m_SelectedEditorRenderState: 3
  m_MinimumChartSize: 4
  m_AutoUVMaxDistance: 0.5
  m_AutoUVMaxAngle: 89
  m_LightmapParameters: {fileID: 0}
  m_SortingLayerID: 0
  m_SortingLayer: 0
  m_SortingOrder: 0
  m_AdditionalVertexStreams: {fileID: 0}
--- !u!1 &5655173270915353946
GameObject:
  m_ObjectHideFlags: 0
  m_CorrespondingSourceObject: {fileID: 0}
  m_PrefabInstance: {fileID: 0}
  m_PrefabAsset: {fileID: 0}
  serializedVersion: 6
  m_Component:
  - component: {fileID: 4985738277517645792}
  - component: {fileID: 5062065041171600727}
  - component: {fileID: 4022922402016370657}
  m_Layer: 0
  m_Name: blakas3
  m_TagString: Untagged
  m_Icon: {fileID: 0}
  m_NavMeshLayer: 0
  m_StaticEditorFlags: 0
  m_IsActive: 1
--- !u!4 &4985738277517645792
Transform:
  m_ObjectHideFlags: 0
  m_CorrespondingSourceObject: {fileID: 0}
  m_PrefabInstance: {fileID: 0}
  m_PrefabAsset: {fileID: 0}
  m_GameObject: {fileID: 5655173270915353946}
  m_LocalRotation: {x: 0, y: 0, z: 0.7071068, w: 0.7071068}
  m_LocalPosition: {x: 16.816708, y: 3.366, z: -40.06629}
  m_LocalScale: {x: 1, y: 1, z: 1}
  m_ConstrainProportionsScale: 0
  m_Children:
  - {fileID: 8160874498195508357}
  - {fileID: 2848281953448411789}
  - {fileID: 390988663485018545}
  - {fileID: 2347616755126103789}
  - {fileID: 4771308072266163161}
  m_Father: {fileID: 0}
  m_RootOrder: 0
  m_LocalEulerAnglesHint: {x: 0, y: 0, z: -45.863}
--- !u!114 &5062065041171600727
MonoBehaviour:
  m_ObjectHideFlags: 0
  m_CorrespondingSourceObject: {fileID: 0}
  m_PrefabInstance: {fileID: 0}
  m_PrefabAsset: {fileID: 0}
  m_GameObject: {fileID: 5655173270915353946}
  m_Enabled: 1
  m_EditorHideFlags: 0
  m_Script: {fileID: 11500000, guid: 5cdea428d48e2bb488d33d5f75c39bb9, type: 3}
  m_Name: 
  m_EditorClassIdentifier: 
  BeingHeld: 0
  GrabButton: 2
  Grabtype: 0
  GrabPhysics: 4
  GrabMechanic: 0
  GrabSpeed: 15
  RemoteGrabbable: 1
  RemoteGrabMechanic: 2
  RemoteGrabDistance: 4
  ThrowForceMultiplier: 2
  ThrowForceMultiplierAngular: 1.5
  BreakDistance: 0
  HideHandGraphics: 0
  ParentToHands: 1
  ParentHandModel: 1
  SnapHandModel: 1
  CanBeDropped: 1
  CanBeSnappedToSnapZone: 1
  ForceDisableKinematicOnDrop: 0
  InstantMovement: 0
  MakeChildCollidersGrabbable: 1
  handPoseType: 3
  SelectedHandPose: {fileID: 0}
  CustomHandPose: 0
  SecondaryGrabBehavior: 0
  TwoHandedPosition: 0
  TwoHandedPostionLerpAmount: 0.5
  TwoHandedRotation: 1
  TwoHandedRotationLerpAmount: 0.5
  TwoHandedDropBehavior: 0
  TwoHandedLookVector: 0
  SecondHandLookSpeed: 40
  SecondaryGrabbable: {fileID: 0}
  OtherGrabbableMustBeGrabbed: {fileID: 0}
  CollisionSpring: 3000
  CollisionSlerp: 500
  CollisionLinearMotionX: 2
  CollisionLinearMotionY: 2
  CollisionLinearMotionZ: 2
  CollisionAngularMotionX: 2
  CollisionAngularMotionY: 2
  CollisionAngularMotionZ: 2
  ApplyCorrectiveForce: 1
  MoveVelocityForce: 3000
  MoveAngularVelocityForce: 90
  LastGrabTime: 0
  LastDropTime: 0
  AddControllerVelocityOnDrop: 1
  collisions: []
  ActiveGrabPoint: {fileID: 0}
  SecondaryLookOffset: {x: 0, y: 0, z: 0}
  SecondaryLookAtTransform: {fileID: 0}
  LocalOffsetTransform: {fileID: 0}
  GrabPoints:
  - {fileID: 2848281953448411789}
  - {fileID: 390988663485018545}
  UseCustomInspector: 1
  lastFlickTime: 0
  FlickForce: 1
--- !u!54 &4022922402016370657
Rigidbody:
  m_ObjectHideFlags: 0
  m_CorrespondingSourceObject: {fileID: 0}
  m_PrefabInstance: {fileID: 0}
  m_PrefabAsset: {fileID: 0}
  m_GameObject: {fileID: 5655173270915353946}
  serializedVersion: 2
  m_Mass: 1
  m_Drag: 0
  m_AngularDrag: 0.05
  m_UseGravity: 1
  m_IsKinematic: 0
  m_Interpolate: 0
  m_Constraints: 0
  m_CollisionDetection: 0
--- !u!1 &5726134074424155798
GameObject:
  m_ObjectHideFlags: 0
  m_CorrespondingSourceObject: {fileID: 0}
  m_PrefabInstance: {fileID: 0}
  m_PrefabAsset: {fileID: 0}
  serializedVersion: 6
  m_Component:
  - component: {fileID: 4771308072266163161}
  - component: {fileID: 4706064235729783804}
  - component: {fileID: 3771366766075154983}
  m_Layer: 0
  m_Name: Collider
  m_TagString: Untagged
  m_Icon: {fileID: 0}
  m_NavMeshLayer: 0
  m_StaticEditorFlags: 0
  m_IsActive: 1
--- !u!4 &4771308072266163161
Transform:
  m_ObjectHideFlags: 0
  m_CorrespondingSourceObject: {fileID: 0}
  m_PrefabInstance: {fileID: 0}
  m_PrefabAsset: {fileID: 0}
  m_GameObject: {fileID: 5726134074424155798}
  m_LocalRotation: {x: 0.50017446, y: 0.49982554, z: -0.49991286, w: 0.5000871}
  m_LocalPosition: {x: 0.431, y: 0.11, z: 0.01}
  m_LocalScale: {x: 0.99999976, y: 0.99999976, z: 1}
  m_ConstrainProportionsScale: 0
  m_Children: []
  m_Father: {fileID: 4985738277517645792}
  m_RootOrder: 4
  m_LocalEulerAnglesHint: {x: 0, y: 0, z: 0}
--- !u!65 &4706064235729783804
BoxCollider:
  m_ObjectHideFlags: 0
  m_CorrespondingSourceObject: {fileID: 0}
  m_PrefabInstance: {fileID: 0}
  m_PrefabAsset: {fileID: 0}
  m_GameObject: {fileID: 5726134074424155798}
  m_Material: {fileID: 0}
  m_IsTrigger: 0
  m_Enabled: 1
  serializedVersion: 2
  m_Size: {x: 0.07326445, y: 0.060193606, z: 0.24964043}
  m_Center: {x: -0.17122713, y: -0.4309317, z: -0.010205136}
--- !u!65 &3771366766075154983
BoxCollider:
  m_ObjectHideFlags: 0
  m_CorrespondingSourceObject: {fileID: 0}
  m_PrefabInstance: {fileID: 0}
  m_PrefabAsset: {fileID: 0}
  m_GameObject: {fileID: 5726134074424155798}
  m_Material: {fileID: 0}
  m_IsTrigger: 0
  m_Enabled: 1
  serializedVersion: 2
  m_Size: {x: 0.08958657, y: 0.019962372, z: 0.236123}
  m_Center: {x: -0.18433186, y: -0.43085322, z: -0.25284666}
--- !u!1 &6276164453135124848
GameObject:
  m_ObjectHideFlags: 0
  m_CorrespondingSourceObject: {fileID: 0}
  m_PrefabInstance: {fileID: 0}
  m_PrefabAsset: {fileID: 0}
  serializedVersion: 6
  m_Component:
  - component: {fileID: 2848281953448411789}
  - component: {fileID: 1992134544450533341}
  m_Layer: 10
  m_Name: Grab PointL
  m_TagString: Untagged
  m_Icon: {fileID: 0}
  m_NavMeshLayer: 0
  m_StaticEditorFlags: 0
  m_IsActive: 1
--- !u!4 &2848281953448411789
Transform:
  m_ObjectHideFlags: 0
  m_CorrespondingSourceObject: {fileID: 0}
  m_PrefabInstance: {fileID: 0}
  m_PrefabAsset: {fileID: 0}
  m_GameObject: {fileID: 6276164453135124848}
  m_LocalRotation: {x: 0, y: 0, z: 0, w: 1}
  m_LocalPosition: {x: 0, y: 0.066, z: 0.162}
  m_LocalScale: {x: 1, y: 1, z: 1}
  m_ConstrainProportionsScale: 0
  m_Children: []
  m_Father: {fileID: 4985738277517645792}
  m_RootOrder: 1
  m_LocalEulerAnglesHint: {x: 0, y: 0, z: 0}
--- !u!114 &1992134544450533341
MonoBehaviour:
  m_ObjectHideFlags: 0
  m_CorrespondingSourceObject: {fileID: 0}
  m_PrefabInstance: {fileID: 0}
  m_PrefabAsset: {fileID: 0}
  m_GameObject: {fileID: 6276164453135124848}
  m_Enabled: 1
  m_EditorHideFlags: 0
  m_Script: {fileID: 11500000, guid: ab52d2f563d6a2547a95671c153ebbb3, type: 3}
  m_Name: 
  m_EditorClassIdentifier: 
  handPoseType: 3
  SelectedHandPose: {fileID: 0}
  HandPose: 0
  LeftHandIsValid: 1
  RightHandIsValid: 0
  HandPosition: {fileID: 0}
  MaxDegreeDifferenceAllowed: 360
  IndexBlendMin: 0
  IndexBlendMax: 0
  ThumbBlendMin: 0
  ThumbBlendMax: 0
  ShowAngleGizmo: 1
--- !u!1001 &1940490450766989975
PrefabInstance:
  m_ObjectHideFlags: 0
  serializedVersion: 2
  m_Modification:
    m_TransformParent: {fileID: 4985738277517645792}
    m_Modifications:
    - target: {fileID: 4080032975666747557, guid: 9e3b0bca4dce07c4cac56011bea1487d,
        type: 3}
      propertyPath: m_FontData.m_MinSize
      value: 0
      objectReference: {fileID: 0}
    - target: {fileID: 4080032975666747557, guid: 9e3b0bca4dce07c4cac56011bea1487d,
        type: 3}
      propertyPath: m_FontData.m_FontSize
      value: 11
      objectReference: {fileID: 0}
    - target: {fileID: 4213795611944346746, guid: 9e3b0bca4dce07c4cac56011bea1487d,
        type: 3}
      propertyPath: m_Pivot.x
      value: 0.5
      objectReference: {fileID: 0}
    - target: {fileID: 4213795611944346746, guid: 9e3b0bca4dce07c4cac56011bea1487d,
        type: 3}
      propertyPath: m_Pivot.y
      value: 0.5
      objectReference: {fileID: 0}
    - target: {fileID: 4213795611944346746, guid: 9e3b0bca4dce07c4cac56011bea1487d,
        type: 3}
      propertyPath: m_RootOrder
      value: 3
      objectReference: {fileID: 0}
    - target: {fileID: 4213795611944346746, guid: 9e3b0bca4dce07c4cac56011bea1487d,
        type: 3}
      propertyPath: m_AnchorMax.x
      value: 0.5
      objectReference: {fileID: 0}
    - target: {fileID: 4213795611944346746, guid: 9e3b0bca4dce07c4cac56011bea1487d,
        type: 3}
      propertyPath: m_AnchorMax.y
      value: 0.5
      objectReference: {fileID: 0}
    - target: {fileID: 4213795611944346746, guid: 9e3b0bca4dce07c4cac56011bea1487d,
        type: 3}
      propertyPath: m_AnchorMin.x
      value: 0.5
      objectReference: {fileID: 0}
    - target: {fileID: 4213795611944346746, guid: 9e3b0bca4dce07c4cac56011bea1487d,
        type: 3}
      propertyPath: m_AnchorMin.y
      value: 0.5
      objectReference: {fileID: 0}
    - target: {fileID: 4213795611944346746, guid: 9e3b0bca4dce07c4cac56011bea1487d,
        type: 3}
      propertyPath: m_SizeDelta.x
      value: 50
      objectReference: {fileID: 0}
    - target: {fileID: 4213795611944346746, guid: 9e3b0bca4dce07c4cac56011bea1487d,
        type: 3}
      propertyPath: m_SizeDelta.y
      value: 50
      objectReference: {fileID: 0}
    - target: {fileID: 4213795611944346746, guid: 9e3b0bca4dce07c4cac56011bea1487d,
        type: 3}
      propertyPath: m_LocalScale.x
      value: 0.23129
      objectReference: {fileID: 0}
    - target: {fileID: 4213795611944346746, guid: 9e3b0bca4dce07c4cac56011bea1487d,
        type: 3}
      propertyPath: m_LocalScale.y
      value: 0.23129
      objectReference: {fileID: 0}
    - target: {fileID: 4213795611944346746, guid: 9e3b0bca4dce07c4cac56011bea1487d,
        type: 3}
      propertyPath: m_LocalScale.z
      value: 0.23129
      objectReference: {fileID: 0}
    - target: {fileID: 4213795611944346746, guid: 9e3b0bca4dce07c4cac56011bea1487d,
        type: 3}
      propertyPath: m_LocalPosition.x
      value: 0
      objectReference: {fileID: 0}
    - target: {fileID: 4213795611944346746, guid: 9e3b0bca4dce07c4cac56011bea1487d,
        type: 3}
      propertyPath: m_LocalPosition.y
      value: 0
      objectReference: {fileID: 0}
    - target: {fileID: 4213795611944346746, guid: 9e3b0bca4dce07c4cac56011bea1487d,
        type: 3}
      propertyPath: m_LocalPosition.z
      value: 0.173
      objectReference: {fileID: 0}
    - target: {fileID: 4213795611944346746, guid: 9e3b0bca4dce07c4cac56011bea1487d,
        type: 3}
      propertyPath: m_LocalRotation.w
      value: 0.7071068
      objectReference: {fileID: 0}
    - target: {fileID: 4213795611944346746, guid: 9e3b0bca4dce07c4cac56011bea1487d,
        type: 3}
      propertyPath: m_LocalRotation.x
      value: 0
      objectReference: {fileID: 0}
    - target: {fileID: 4213795611944346746, guid: 9e3b0bca4dce07c4cac56011bea1487d,
        type: 3}
      propertyPath: m_LocalRotation.y
      value: 0.7071068
      objectReference: {fileID: 0}
    - target: {fileID: 4213795611944346746, guid: 9e3b0bca4dce07c4cac56011bea1487d,
        type: 3}
      propertyPath: m_LocalRotation.z
      value: 0
      objectReference: {fileID: 0}
    - target: {fileID: 4213795611944346746, guid: 9e3b0bca4dce07c4cac56011bea1487d,
        type: 3}
      propertyPath: m_AnchoredPosition.x
      value: 0
      objectReference: {fileID: 0}
    - target: {fileID: 4213795611944346746, guid: 9e3b0bca4dce07c4cac56011bea1487d,
        type: 3}
      propertyPath: m_AnchoredPosition.y
      value: 0.11
      objectReference: {fileID: 0}
    - target: {fileID: 4213795611944346746, guid: 9e3b0bca4dce07c4cac56011bea1487d,
        type: 3}
      propertyPath: m_LocalEulerAnglesHint.x
      value: 0
      objectReference: {fileID: 0}
    - target: {fileID: 4213795611944346746, guid: 9e3b0bca4dce07c4cac56011bea1487d,
        type: 3}
      propertyPath: m_LocalEulerAnglesHint.y
      value: 90
      objectReference: {fileID: 0}
    - target: {fileID: 4213795611944346746, guid: 9e3b0bca4dce07c4cac56011bea1487d,
        type: 3}
      propertyPath: m_LocalEulerAnglesHint.z
      value: 0
      objectReference: {fileID: 0}
    - target: {fileID: 4213795611944346746, guid: 9e3b0bca4dce07c4cac56011bea1487d,
        type: 3}
      propertyPath: m_ConstrainProportionsScale
      value: 1
      objectReference: {fileID: 0}
    - target: {fileID: 4213795611944346747, guid: 9e3b0bca4dce07c4cac56011bea1487d,
        type: 3}
      propertyPath: m_Name
      value: RingHelper
      objectReference: {fileID: 0}
    - target: {fileID: 4213795611944346747, guid: 9e3b0bca4dce07c4cac56011bea1487d,
        type: 3}
      propertyPath: m_IsActive
      value: 0
      objectReference: {fileID: 0}
    - target: {fileID: 6799183511233398105, guid: 9e3b0bca4dce07c4cac56011bea1487d,
        type: 3}
      propertyPath: m_PresetInfoIsWorld
      value: 1
      objectReference: {fileID: 0}
    m_RemovedComponents: []
  m_SourcePrefab: {fileID: 100100000, guid: 9e3b0bca4dce07c4cac56011bea1487d, type: 3}
--- !u!224 &2347616755126103789 stripped
RectTransform:
  m_CorrespondingSourceObject: {fileID: 4213795611944346746, guid: 9e3b0bca4dce07c4cac56011bea1487d,
    type: 3}
  m_PrefabInstance: {fileID: 1940490450766989975}
  m_PrefabAsset: {fileID: 0}
