%YAML 1.1
%TAG !u! tag:unity3d.com,2011:
--- !u!1 &6062278808559238171
GameObject:
  m_ObjectHideFlags: 0
  m_CorrespondingSourceObject: {fileID: 0}
  m_PrefabInstance: {fileID: 0}
  m_PrefabAsset: {fileID: 0}
  serializedVersion: 6
  m_Component:
  - component: {fileID: 4674721172994107993}
  - component: {fileID: 244154466477330968}
  - component: {fileID: 1079484048965421233}
  m_Layer: 0
  m_Name: Sarung keris
  m_TagString: Untagged
  m_Icon: {fileID: 0}
  m_NavMeshLayer: 0
  m_StaticEditorFlags: 0
  m_IsActive: 1
--- !u!4 &4674721172994107993
Transform:
  m_ObjectHideFlags: 0
  m_CorrespondingSourceObject: {fileID: 0}
  m_PrefabInstance: {fileID: 0}
  m_PrefabAsset: {fileID: 0}
  m_GameObject: {fileID: 6062278808559238171}
  m_LocalRotation: {x: 0, y: 0, z: 0, w: 1}
  m_LocalPosition: {x: 16.324831, y: 3.1560416, z: -37.6932}
  m_LocalScale: {x: 1, y: 1, z: 1}
  m_ConstrainProportionsScale: 0
  m_Children:
  - {fileID: 1343015183906070712}
  m_Father: {fileID: 0}
  m_RootOrder: 0
  m_LocalEulerAnglesHint: {x: 0, y: 0, z: 0}
--- !u!54 &244154466477330968
Rigidbody:
  m_ObjectHideFlags: 0
  m_CorrespondingSourceObject: {fileID: 0}
  m_PrefabInstance: {fileID: 0}
  m_PrefabAsset: {fileID: 0}
  m_GameObject: {fileID: 6062278808559238171}
  serializedVersion: 2
  m_Mass: 1
  m_Drag: 0
  m_AngularDrag: 0.05
  m_UseGravity: 1
  m_IsKinematic: 0
  m_Interpolate: 0
  m_Constraints: 0
  m_CollisionDetection: 0
--- !u!114 &1079484048965421233
MonoBehaviour:
  m_ObjectHideFlags: 0
  m_CorrespondingSourceObject: {fileID: 0}
  m_PrefabInstance: {fileID: 0}
  m_PrefabAsset: {fileID: 0}
  m_GameObject: {fileID: 6062278808559238171}
  m_Enabled: 1
  m_EditorHideFlags: 0
  m_Script: {fileID: 11500000, guid: 5cdea428d48e2bb488d33d5f75c39bb9, type: 3}
  m_Name: 
  m_EditorClassIdentifier: 
  BeingHeld: 0
  GrabButton: 2
  Grabtype: 2
  GrabPhysics: 4
  GrabMechanic: 1
  GrabSpeed: 15
  RemoteGrabbable: 0
  RemoteGrabMechanic: 0
  RemoteGrabDistance: 2
  ThrowForceMultiplier: 2
  ThrowForceMultiplierAngular: 1.5
  BreakDistance: 0
  HideHandGraphics: 0
  ParentToHands: 0
  ParentHandModel: 1
  SnapHandModel: 1
  CanBeDropped: 1
  CanBeSnappedToSnapZone: 1
  ForceDisableKinematicOnDrop: 0
  InstantMovement: 0
  MakeChildCollidersGrabbable: 0
  handPoseType: 1
  SelectedHandPose: {fileID: 0}
  CustomHandPose: 0
  SecondaryGrabBehavior: 0
  TwoHandedPosition: 0
  TwoHandedPostionLerpAmount: 0.5
  TwoHandedRotation: 1
  TwoHandedRotationLerpAmount: 0.5
  TwoHandedDropBehavior: 0
  TwoHandedLookVector: 0
  SecondHandLookSpeed: 40
  SecondaryGrabbable: {fileID: 0}
  OtherGrabbableMustBeGrabbed: {fileID: 0}
  CollisionSpring: 3000
  CollisionSlerp: 500
  CollisionLinearMotionX: 2
  CollisionLinearMotionY: 2
  CollisionLinearMotionZ: 2
  CollisionAngularMotionX: 2
  CollisionAngularMotionY: 2
  CollisionAngularMotionZ: 2
  ApplyCorrectiveForce: 1
  MoveVelocityForce: 3000
  MoveAngularVelocityForce: 90
  LastGrabTime: 0
  LastDropTime: 0
  AddControllerVelocityOnDrop: 1
  collisions: []
  ActiveGrabPoint: {fileID: 0}
  SecondaryLookOffset: {x: 0, y: 0, z: 0}
  SecondaryLookAtTransform: {fileID: 0}
  LocalOffsetTransform: {fileID: 0}
  GrabPoints: []
  UseCustomInspector: 1
  lastFlickTime: 0
  FlickForce: 1
--- !u!1001 &1043143325997851885
PrefabInstance:
  m_ObjectHideFlags: 0
  serializedVersion: 2
  m_Modification:
    serializedVersion: 2
    m_TransformParent: {fileID: 4674721172994107993}
    m_Modifications:
    - target: {fileID: 2079154934758409301, guid: 5b0a066e3c4c1f04fad577018eb9800a,
        type: 3}
      propertyPath: m_RootOrder
      value: -1
      objectReference: {fileID: 0}
    - target: {fileID: 2079154934758409301, guid: 5b0a066e3c4c1f04fad577018eb9800a,
        type: 3}
      propertyPath: m_LocalScale.x
      value: 384.61713
      objectReference: {fileID: 0}
    - target: {fileID: 2079154934758409301, guid: 5b0a066e3c4c1f04fad577018eb9800a,
        type: 3}
      propertyPath: m_LocalPosition.x
      value: 0
      objectReference: {fileID: 0}
    - target: {fileID: 2079154934758409301, guid: 5b0a066e3c4c1f04fad577018eb9800a,
        type: 3}
      propertyPath: m_LocalPosition.y
      value: 0
      objectReference: {fileID: 0}
    - target: {fileID: 2079154934758409301, guid: 5b0a066e3c4c1f04fad577018eb9800a,
        type: 3}
      propertyPath: m_LocalPosition.z
      value: 0
      objectReference: {fileID: 0}
    - target: {fileID: 2079154934758409301, guid: 5b0a066e3c4c1f04fad577018eb9800a,
        type: 3}
      propertyPath: m_LocalRotation.w
      value: -0.74895567
      objectReference: {fileID: 0}
    - target: {fileID: 2079154934758409301, guid: 5b0a066e3c4c1f04fad577018eb9800a,
        type: 3}
      propertyPath: m_LocalRotation.x
      value: -0.0000000023031603
      objectReference: {fileID: 0}
    - target: {fileID: 2079154934758409301, guid: 5b0a066e3c4c1f04fad577018eb9800a,
        type: 3}
      propertyPath: m_LocalRotation.y
      value: 0.6626201
      objectReference: {fileID: 0}
    - target: {fileID: 2079154934758409301, guid: 5b0a066e3c4c1f04fad577018eb9800a,
        type: 3}
      propertyPath: m_LocalRotation.z
      value: 0.00000021549289
      objectReference: {fileID: 0}
    - target: {fileID: 2079154934758409301, guid: 5b0a066e3c4c1f04fad577018eb9800a,
        type: 3}
      propertyPath: m_LocalEulerAnglesHint.x
      value: 0
      objectReference: {fileID: 0}
    - target: {fileID: 2079154934758409301, guid: 5b0a066e3c4c1f04fad577018eb9800a,
        type: 3}
      propertyPath: m_LocalEulerAnglesHint.y
      value: 0
      objectReference: {fileID: 0}
    - target: {fileID: 2079154934758409301, guid: 5b0a066e3c4c1f04fad577018eb9800a,
        type: 3}
      propertyPath: m_LocalEulerAnglesHint.z
      value: 0
      objectReference: {fileID: 0}
    - target: {fileID: 6336230420424328472, guid: 5b0a066e3c4c1f04fad577018eb9800a,
        type: 3}
      propertyPath: m_Name
      value: Cube
      objectReference: {fileID: 0}
    m_RemovedComponents: []
    m_AddedGameObjects: []
  m_SourcePrefab: {fileID: 100100000, guid: 5b0a066e3c4c1f04fad577018eb9800a, type: 3}
--- !u!4 &1343015183906070712 stripped
Transform:
  m_CorrespondingSourceObject: {fileID: 2079154934758409301, guid: 5b0a066e3c4c1f04fad577018eb9800a,
    type: 3}
  m_PrefabInstance: {fileID: 1043143325997851885}
  m_PrefabAsset: {fileID: 0}
--- !u!1 &6455684301475373557 stripped
GameObject:
  m_CorrespondingSourceObject: {fileID: 6336230420424328472, guid: 5b0a066e3c4c1f04fad577018eb9800a,
    type: 3}
  m_PrefabInstance: {fileID: 1043143325997851885}
  m_PrefabAsset: {fileID: 0}
--- !u!114 &285405095667766131
MonoBehaviour:
  m_ObjectHideFlags: 0
  m_CorrespondingSourceObject: {fileID: 0}
  m_PrefabInstance: {fileID: 0}
  m_PrefabAsset: {fileID: 0}
  m_GameObject: {fileID: 6455684301475373557}
  m_Enabled: 1
  m_EditorHideFlags: 0
  m_Script: {fileID: 11500000, guid: 586e188c6da3d574b82e417af4c10aa9, type: 3}
  m_Name: 
  m_EditorClassIdentifier: 
  ParentGrabbable: {fileID: 0}
