%YAML 1.1
%TAG !u! tag:unity3d.com,2011:
--- !u!1 &6579870997744333987
GameObject:
  m_ObjectHideFlags: 0
  m_CorrespondingSourceObject: {fileID: 0}
  m_PrefabInstance: {fileID: 0}
  m_PrefabAsset: {fileID: 0}
  serializedVersion: 6
  m_Component:
  - component: {fileID: 6579870997744333984}
  - component: {fileID: 6579870997744333996}
  - component: {fileID: 6579870997744333999}
  - component: {fileID: 6579870997744333998}
  - component: {fileID: 6579870997744333985}
  m_Layer: 0
  m_Name: HandleGrabbable
  m_TagString: Untagged
  m_Icon: {fileID: 0}
  m_NavMeshLayer: 0
  m_StaticEditorFlags: 0
  m_IsActive: 1
--- !u!4 &6579870997744333984
Transform:
  m_ObjectHideFlags: 0
  m_CorrespondingSourceObject: {fileID: 0}
  m_PrefabInstance: {fileID: 0}
  m_PrefabAsset: {fileID: 0}
  m_GameObject: {fileID: 6579870997744333987}
  m_LocalRotation: {x: 0, y: 0, z: 0, w: 1}
  m_LocalPosition: {x: 0, y: 0, z: 0}
  m_LocalScale: {x: 1, y: 1, z: 1}
  m_ConstrainProportionsScale: 0
  m_Children:
  - {fileID: 6579870999246610526}
  m_Father: {fileID: 6579870999047442675}
  m_RootOrder: 0
  m_LocalEulerAnglesHint: {x: 0, y: 0, z: 0}
--- !u!65 &6579870997744333996
BoxCollider:
  m_ObjectHideFlags: 0
  m_CorrespondingSourceObject: {fileID: 0}
  m_PrefabInstance: {fileID: 0}
  m_PrefabAsset: {fileID: 0}
  m_GameObject: {fileID: 6579870997744333987}
  m_Material: {fileID: 0}
  m_IsTrigger: 0
  m_Enabled: 1
  serializedVersion: 2
  m_Size: {x: 0.19299686, y: 0.046430442, z: 0.18172632}
  m_Center: {x: -0.0000000054899854, y: 0.000000014972237, z: 0.06279812}
--- !u!54 &6579870997744333999
Rigidbody:
  m_ObjectHideFlags: 0
  m_CorrespondingSourceObject: {fileID: 0}
  m_PrefabInstance: {fileID: 0}
  m_PrefabAsset: {fileID: 0}
  m_GameObject: {fileID: 6579870997744333987}
  serializedVersion: 2
  m_Mass: 1
  m_Drag: 0
  m_AngularDrag: 0.05
  m_UseGravity: 0
  m_IsKinematic: 1
  m_Interpolate: 0
  m_Constraints: 0
  m_CollisionDetection: 0
--- !u!114 &6579870997744333998
MonoBehaviour:
  m_ObjectHideFlags: 0
  m_CorrespondingSourceObject: {fileID: 0}
  m_PrefabInstance: {fileID: 0}
  m_PrefabAsset: {fileID: 0}
  m_GameObject: {fileID: 6579870997744333987}
  m_Enabled: 1
  m_EditorHideFlags: 0
  m_Script: {fileID: 11500000, guid: 5cdea428d48e2bb488d33d5f75c39bb9, type: 3}
  m_Name: 
  m_EditorClassIdentifier: 
  BeingHeld: 0
  GrabButton: 0
  Grabtype: 0
  GrabPhysics: 1
  GrabMechanic: 1
  GrabSpeed: 7.5
  RemoteGrabbable: 0
  RemoteGrabMechanic: 0
  RemoteGrabDistance: 1
  ThrowForceMultiplier: 2
  ThrowForceMultiplierAngular: 1.5
  BreakDistance: 1
  HideHandGraphics: 0
  ParentToHands: 0
  ParentHandModel: 1
  SnapHandModel: 1
  CanBeDropped: 1
  CanBeSnappedToSnapZone: 1
  ForceDisableKinematicOnDrop: 0
  InstantMovement: 0
  MakeChildCollidersGrabbable: 0
  handPoseType: 1
  SelectedHandPose: {fileID: 0}
  CustomHandPose: 0
  SecondaryGrabBehavior: 0
  TwoHandedPosition: 0
  TwoHandedPostionLerpAmount: 0.5
  TwoHandedRotation: 1
  TwoHandedRotationLerpAmount: 0.5
  TwoHandedDropBehavior: 0
  TwoHandedLookVector: 0
  SecondHandLookSpeed: 40
  SecondaryGrabbable: {fileID: 0}
  OtherGrabbableMustBeGrabbed: {fileID: 0}
  CollisionSpring: 3000
  CollisionSlerp: 500
  CollisionLinearMotionX: 2
  CollisionLinearMotionY: 2
  CollisionLinearMotionZ: 2
  CollisionAngularMotionX: 2
  CollisionAngularMotionY: 2
  CollisionAngularMotionZ: 2
  ApplyCorrectiveForce: 1
  MoveVelocityForce: 3000
  MoveAngularVelocityForce: 90
  LastGrabTime: 0
  LastDropTime: 0
  AddControllerVelocityOnDrop: 1
  collisions: []
  ActiveGrabPoint: {fileID: 0}
  SecondaryLookOffset: {x: 0, y: 0, z: 0}
  SecondaryLookAtTransform: {fileID: 0}
  LocalOffsetTransform: {fileID: 0}
  GrabPoints:
  - {fileID: 6579870998724279776}
  - {fileID: 6579870999227617068}
  - {fileID: 6579870999022519890}
  - {fileID: 6579870998954243267}
  UseCustomInspector: 1
  lastFlickTime: 0
  FlickForce: 1
--- !u!114 &6579870997744333985
MonoBehaviour:
  m_ObjectHideFlags: 0
  m_CorrespondingSourceObject: {fileID: 0}
  m_PrefabInstance: {fileID: 0}
  m_PrefabAsset: {fileID: 0}
  m_GameObject: {fileID: 6579870997744333987}
  m_Enabled: 1
  m_EditorHideFlags: 0
  m_Script: {fileID: 11500000, guid: bbc0141ad1a5df74aac7678efafbea51, type: 3}
  m_Name: 
  m_EditorClassIdentifier: 
  ParentRigid: {fileID: 6579870998541702135}
  HandleTransform: {fileID: 6579870999047442675}
--- !u!1 &6579870998541702088
GameObject:
  m_ObjectHideFlags: 0
  m_CorrespondingSourceObject: {fileID: 0}
  m_PrefabInstance: {fileID: 0}
  m_PrefabAsset: {fileID: 0}
  serializedVersion: 6
  m_Component:
  - component: {fileID: 6579870998541702089}
  - component: {fileID: 6579870998541702135}
  - component: {fileID: 6579870998541702134}
  - component: {fileID: 6579870998541702132}
  m_Layer: 0
  m_Name: PantoChild
  m_TagString: Untagged
  m_Icon: {fileID: 0}
  m_NavMeshLayer: 0
  m_StaticEditorFlags: 0
  m_IsActive: 1
--- !u!4 &6579870998541702089
Transform:
  m_ObjectHideFlags: 0
  m_CorrespondingSourceObject: {fileID: 0}
  m_PrefabInstance: {fileID: 0}
  m_PrefabAsset: {fileID: 0}
  m_GameObject: {fileID: 6579870998541702088}
  m_LocalRotation: {x: -0.000000030908623, y: -0.7071068, z: -0.7071068, w: 0.000000030908623}
  m_LocalPosition: {x: 0, y: 0, z: 0}
  m_LocalScale: {x: 1, y: 1, z: 1}
  m_ConstrainProportionsScale: 0
  m_Children:
  - {fileID: 6579870999362108521}
  - {fileID: 6579870998963175380}
  - {fileID: 6579870999047442675}
  m_Father: {fileID: 6579870999368925616}
  m_RootOrder: 0
  m_LocalEulerAnglesHint: {x: -360, y: 270, z: 0}
--- !u!54 &6579870998541702135
Rigidbody:
  m_ObjectHideFlags: 0
  m_CorrespondingSourceObject: {fileID: 0}
  m_PrefabInstance: {fileID: 0}
  m_PrefabAsset: {fileID: 0}
  m_GameObject: {fileID: 6579870998541702088}
  serializedVersion: 2
  m_Mass: 15
  m_Drag: 0
  m_AngularDrag: 0.05
  m_UseGravity: 1
  m_IsKinematic: 0
  m_Interpolate: 1
  m_Constraints: 0
  m_CollisionDetection: 2
--- !u!59 &6579870998541702134
HingeJoint:
  m_ObjectHideFlags: 0
  m_CorrespondingSourceObject: {fileID: 0}
  m_PrefabInstance: {fileID: 0}
  m_PrefabAsset: {fileID: 0}
  m_GameObject: {fileID: 6579870998541702088}
  m_ConnectedBody: {fileID: 0}
  m_ConnectedArticulationBody: {fileID: 0}
  m_Anchor: {x: 0, y: 0, z: 0}
  m_Axis: {x: 0, y: 0, z: 1}
  m_AutoConfigureConnectedAnchor: 1
  m_ConnectedAnchor: {x: 0, y: 0, z: 0}
  m_UseSpring: 1
  m_Spring:
    spring: 1
    damper: 0.75
    targetPosition: 0
  m_UseMotor: 0
  m_Motor:
    targetVelocity: 0
    force: 0
    freeSpin: 0
  m_UseLimits: 1
  m_Limits:
    min: 0
    max: 110
    bounciness: 0
    bounceMinVelocity: 0.2
    contactDistance: 0
  m_BreakForce: Infinity
  m_BreakTorque: Infinity
  m_EnableCollision: 0
  m_EnablePreprocessing: 1
  m_MassScale: 1
  m_ConnectedMassScale: 1
--- !u!114 &6579870998541702132
MonoBehaviour:
  m_ObjectHideFlags: 0
  m_CorrespondingSourceObject: {fileID: 0}
  m_PrefabInstance: {fileID: 0}
  m_PrefabAsset: {fileID: 0}
  m_GameObject: {fileID: 6579870998541702088}
  m_Enabled: 1
  m_EditorHideFlags: 0
  m_Script: {fileID: 11500000, guid: e50505fcf90a3c841b8e835665efb9eb, type: 3}
  m_Name: 
  m_EditorClassIdentifier: 
  DoorOpenSound: {fileID: 8300000, guid: 24b79582593d6b943ae5a57d8058d29a, type: 3}
  DoorCloseSound: {fileID: 8300000, guid: 19363979333a0f740b2e9601b323dd00, type: 3}
  RequireHandleTurnToOpen: 1
  HandleFollower: {fileID: 6579870999362108521}
  DegreesTurned: 0
  DegreesTurnToOpen: 10
  DoorLockTransform: {fileID: 0}
  AngularVelocitySnapDoor: 0.95
  angle: 0
  AngularVelocity: 0
  DoorIsLocked: 0
  lockPos: 0
--- !u!1 &6579870998701169697
GameObject:
  m_ObjectHideFlags: 0
  m_CorrespondingSourceObject: {fileID: 0}
  m_PrefabInstance: {fileID: 0}
  m_PrefabAsset: {fileID: 0}
  serializedVersion: 6
  m_Component:
  - component: {fileID: 6579870998701169710}
  - component: {fileID: 6579870998701169709}
  - component: {fileID: 6579870998701169708}
  m_Layer: 0
  m_Name: Group 223
  m_TagString: Untagged
  m_Icon: {fileID: 0}
  m_NavMeshLayer: 0
  m_StaticEditorFlags: 0
  m_IsActive: 1
--- !u!4 &6579870998701169710
Transform:
  m_ObjectHideFlags: 0
  m_CorrespondingSourceObject: {fileID: 0}
  m_PrefabInstance: {fileID: 0}
  m_PrefabAsset: {fileID: 0}
  m_GameObject: {fileID: 6579870998701169697}
  m_LocalRotation: {x: 0.5000002, y: 0.49999994, z: -0.50000006, w: 0.49999985}
  m_LocalPosition: {x: 0.015011072, y: 0.012628078, z: 0.09819615}
  m_LocalScale: {x: 1, y: 1, z: 1}
  m_ConstrainProportionsScale: 0
  m_Children: []
  m_Father: {fileID: 6579870999362108521}
  m_RootOrder: 0
  m_LocalEulerAnglesHint: {x: 0, y: 0, z: 0}
--- !u!33 &6579870998701169709
MeshFilter:
  m_ObjectHideFlags: 0
  m_CorrespondingSourceObject: {fileID: 0}
  m_PrefabInstance: {fileID: 0}
  m_PrefabAsset: {fileID: 0}
  m_GameObject: {fileID: 6579870998701169697}
  m_Mesh: {fileID: -8165695470987073667, guid: 575aa42591a6ff14781e433142712dfe, type: 3}
--- !u!23 &6579870998701169708
MeshRenderer:
  m_ObjectHideFlags: 0
  m_CorrespondingSourceObject: {fileID: 0}
  m_PrefabInstance: {fileID: 0}
  m_PrefabAsset: {fileID: 0}
  m_GameObject: {fileID: 6579870998701169697}
  m_Enabled: 1
  m_CastShadows: 1
  m_ReceiveShadows: 1
  m_DynamicOccludee: 1
  m_StaticShadowCaster: 0
  m_MotionVectors: 1
  m_LightProbeUsage: 1
  m_ReflectionProbeUsage: 1
  m_RayTracingMode: 2
  m_RayTraceProcedural: 0
  m_RenderingLayerMask: 1
  m_RendererPriority: 0
  m_Materials:
  - {fileID: 2100000, guid: 35b8145feee275543b1e84d9f1a85b80, type: 2}
  m_StaticBatchInfo:
    firstSubMesh: 0
    subMeshCount: 0
  m_StaticBatchRoot: {fileID: 0}
  m_ProbeAnchor: {fileID: 0}
  m_LightProbeVolumeOverride: {fileID: 0}
  m_ScaleInLightmap: 1
  m_ReceiveGI: 1
  m_PreserveUVs: 0
  m_IgnoreNormalsForChartDetection: 0
  m_ImportantGI: 0
  m_StitchLightmapSeams: 1
  m_SelectedEditorRenderState: 3
  m_MinimumChartSize: 4
  m_AutoUVMaxDistance: 0.5
  m_AutoUVMaxAngle: 89
  m_LightmapParameters: {fileID: 0}
  m_SortingLayerID: 0
  m_SortingLayer: 0
  m_SortingOrder: 0
  m_AdditionalVertexStreams: {fileID: 0}
--- !u!1 &6579870998724279779
GameObject:
  m_ObjectHideFlags: 0
  m_CorrespondingSourceObject: {fileID: 0}
  m_PrefabInstance: {fileID: 0}
  m_PrefabAsset: {fileID: 0}
  serializedVersion: 6
  m_Component:
  - component: {fileID: 6579870998724279776}
  - component: {fileID: 6579870998724279777}
  m_Layer: 0
  m_Name: GripPointFront
  m_TagString: Untagged
  m_Icon: {fileID: 0}
  m_NavMeshLayer: 0
  m_StaticEditorFlags: 0
  m_IsActive: 1
--- !u!4 &6579870998724279776
Transform:
  m_ObjectHideFlags: 0
  m_CorrespondingSourceObject: {fileID: 0}
  m_PrefabInstance: {fileID: 0}
  m_PrefabAsset: {fileID: 0}
  m_GameObject: {fileID: 6579870998724279779}
  m_LocalRotation: {x: -0.5705099, y: -0.5195678, z: -0.47026476, w: -0.42827418}
  m_LocalPosition: {x: -0.08518767, y: 0.0015029907, z: 0.061195493}
  m_LocalScale: {x: 1, y: 1, z: 1}
  m_ConstrainProportionsScale: 0
  m_Children: []
  m_Father: {fileID: 6579870999362108521}
  m_RootOrder: 2
  m_LocalEulerAnglesHint: {x: 0, y: -101.003, z: -84.649}
--- !u!114 &6579870998724279777
MonoBehaviour:
  m_ObjectHideFlags: 0
  m_CorrespondingSourceObject: {fileID: 0}
  m_PrefabInstance: {fileID: 0}
  m_PrefabAsset: {fileID: 0}
  m_GameObject: {fileID: 6579870998724279779}
  m_Enabled: 1
  m_EditorHideFlags: 0
  m_Script: {fileID: 11500000, guid: ab52d2f563d6a2547a95671c153ebbb3, type: 3}
  m_Name: 
  m_EditorClassIdentifier: 
  handPoseType: 1
  SelectedHandPose: {fileID: 0}
  HandPose: 0
  LeftHandIsValid: 1
  RightHandIsValid: 1
  HandPosition: {fileID: 0}
  MaxDegreeDifferenceAllowed: 180
  IndexBlendMin: 0
  IndexBlendMax: 0
  ThumbBlendMin: 0
  ThumbBlendMax: 0
  ShowAngleGizmo: 1
--- !u!1 &6579870998954243266
GameObject:
  m_ObjectHideFlags: 0
  m_CorrespondingSourceObject: {fileID: 0}
  m_PrefabInstance: {fileID: 0}
  m_PrefabAsset: {fileID: 0}
  serializedVersion: 6
  m_Component:
  - component: {fileID: 6579870998954243267}
  - component: {fileID: 6579870998954243264}
  m_Layer: 0
  m_Name: GripPointBackReversed
  m_TagString: Untagged
  m_Icon: {fileID: 0}
  m_NavMeshLayer: 0
  m_StaticEditorFlags: 0
  m_IsActive: 1
--- !u!4 &6579870998954243267
Transform:
  m_ObjectHideFlags: 0
  m_CorrespondingSourceObject: {fileID: 0}
  m_PrefabInstance: {fileID: 0}
  m_PrefabAsset: {fileID: 0}
  m_GameObject: {fileID: 6579870998954243266}
  m_LocalRotation: {x: -0.48527783, y: 0.48527825, z: 0.51430035, w: -0.514301}
  m_LocalPosition: {x: 0.07881194, y: 0, z: 0.07299626}
  m_LocalScale: {x: 1, y: 1, z: 1}
  m_ConstrainProportionsScale: 0
  m_Children: []
  m_Father: {fileID: 6579870999362108521}
  m_RootOrder: 5
  m_LocalEulerAnglesHint: {x: 0, y: 86.674, z: -270}
--- !u!114 &6579870998954243264
MonoBehaviour:
  m_ObjectHideFlags: 0
  m_CorrespondingSourceObject: {fileID: 0}
  m_PrefabInstance: {fileID: 0}
  m_PrefabAsset: {fileID: 0}
  m_GameObject: {fileID: 6579870998954243266}
  m_Enabled: 1
  m_EditorHideFlags: 0
  m_Script: {fileID: 11500000, guid: ab52d2f563d6a2547a95671c153ebbb3, type: 3}
  m_Name: 
  m_EditorClassIdentifier: 
  handPoseType: 1
  SelectedHandPose: {fileID: 0}
  HandPose: 0
  LeftHandIsValid: 1
  RightHandIsValid: 1
  HandPosition: {fileID: 0}
  MaxDegreeDifferenceAllowed: 180
  IndexBlendMin: 0
  IndexBlendMax: 0
  ThumbBlendMin: 0
  ThumbBlendMax: 0
  ShowAngleGizmo: 1
--- !u!1 &6579870998963175383
GameObject:
  m_ObjectHideFlags: 0
  m_CorrespondingSourceObject: {fileID: 0}
  m_PrefabInstance: {fileID: 0}
  m_PrefabAsset: {fileID: 0}
  serializedVersion: 6
  m_Component:
  - component: {fileID: 6579870998963175380}
  - component: {fileID: 6579870998963175379}
  - component: {fileID: 6579870998963175378}
  - component: {fileID: 6579870998963175376}
  - component: {fileID: 6579870998963175377}
  m_Layer: 0
  m_Name: PintuMesh
  m_TagString: Untagged
  m_Icon: {fileID: 0}
  m_NavMeshLayer: 0
  m_StaticEditorFlags: 0
  m_IsActive: 1
--- !u!4 &6579870998963175380
Transform:
  m_ObjectHideFlags: 0
  m_CorrespondingSourceObject: {fileID: 0}
  m_PrefabInstance: {fileID: 0}
  m_PrefabAsset: {fileID: 0}
  m_GameObject: {fileID: 6579870998963175383}
  m_LocalRotation: {x: 0.49999997, y: -0.50000006, z: -0.50000006, w: 0.49999997}
  m_LocalPosition: {x: 0.89999986, y: 0.015016401, z: 0}
  m_LocalScale: {x: 1, y: 1, z: 1}
  m_ConstrainProportionsScale: 0
  m_Children: []
  m_Father: {fileID: 6579870998541702089}
  m_RootOrder: 1
  m_LocalEulerAnglesHint: {x: 0, y: 0, z: 0}
--- !u!33 &6579870998963175379
MeshFilter:
  m_ObjectHideFlags: 0
  m_CorrespondingSourceObject: {fileID: 0}
  m_PrefabInstance: {fileID: 0}
  m_PrefabAsset: {fileID: 0}
  m_GameObject: {fileID: 6579870998963175383}
  m_Mesh: {fileID: 3170855846519604419, guid: 575aa42591a6ff14781e433142712dfe, type: 3}
--- !u!23 &6579870998963175378
MeshRenderer:
  m_ObjectHideFlags: 0
  m_CorrespondingSourceObject: {fileID: 0}
  m_PrefabInstance: {fileID: 0}
  m_PrefabAsset: {fileID: 0}
  m_GameObject: {fileID: 6579870998963175383}
  m_Enabled: 1
  m_CastShadows: 1
  m_ReceiveShadows: 1
  m_DynamicOccludee: 1
  m_StaticShadowCaster: 0
  m_MotionVectors: 1
  m_LightProbeUsage: 1
  m_ReflectionProbeUsage: 1
  m_RayTracingMode: 2
  m_RayTraceProcedural: 0
  m_RenderingLayerMask: 1
  m_RendererPriority: 0
  m_Materials:
  - {fileID: 2100000, guid: df4706760ab5b224f984f87aa050e71c, type: 2}
  m_StaticBatchInfo:
    firstSubMesh: 0
    subMeshCount: 0
  m_StaticBatchRoot: {fileID: 0}
  m_ProbeAnchor: {fileID: 0}
  m_LightProbeVolumeOverride: {fileID: 0}
  m_ScaleInLightmap: 1
  m_ReceiveGI: 1
  m_PreserveUVs: 0
  m_IgnoreNormalsForChartDetection: 0
  m_ImportantGI: 0
  m_StitchLightmapSeams: 1
  m_SelectedEditorRenderState: 3
  m_MinimumChartSize: 4
  m_AutoUVMaxDistance: 0.5
  m_AutoUVMaxAngle: 89
  m_LightmapParameters: {fileID: 0}
  m_SortingLayerID: 0
  m_SortingLayer: 0
  m_SortingOrder: 0
  m_AdditionalVertexStreams: {fileID: 0}
--- !u!65 &6579870998963175376
BoxCollider:
  m_ObjectHideFlags: 0
  m_CorrespondingSourceObject: {fileID: 0}
  m_PrefabInstance: {fileID: 0}
  m_PrefabAsset: {fileID: 0}
  m_GameObject: {fileID: 6579870998963175383}
  m_Material: {fileID: 0}
  m_IsTrigger: 0
  m_Enabled: 1
  serializedVersion: 2
  m_Size: {x: 0.030000001, y: 1.93606, z: 0.8614559}
  m_Center: {x: 0.015000001, y: 1.0112138, z: 0.4477657}
--- !u!114 &6579870998963175377
MonoBehaviour:
  m_ObjectHideFlags: 0
  m_CorrespondingSourceObject: {fileID: 0}
  m_PrefabInstance: {fileID: 0}
  m_PrefabAsset: {fileID: 0}
  m_GameObject: {fileID: 6579870998963175383}
  m_Enabled: 1
  m_EditorHideFlags: 0
  m_Script: {fileID: 11500000, guid: c01404a5a30ea2e4db8fd7d34b4390b5, type: 3}
  m_Name: 
  m_EditorClassIdentifier: 
  CollidersToIgnore:
  - {fileID: 6579870997744333996}
  - {fileID: 0}
--- !u!1 &6579870998968033904
GameObject:
  m_ObjectHideFlags: 0
  m_CorrespondingSourceObject: {fileID: 0}
  m_PrefabInstance: {fileID: 0}
  m_PrefabAsset: {fileID: 0}
  serializedVersion: 6
  m_Component:
  - component: {fileID: 6579870998968033905}
  - component: {fileID: 6579870998968033916}
  - component: {fileID: 6579870998968033919}
  m_Layer: 0
  m_Name: Group 225
  m_TagString: Untagged
  m_Icon: {fileID: 0}
  m_NavMeshLayer: 0
  m_StaticEditorFlags: 0
  m_IsActive: 1
--- !u!4 &6579870998968033905
Transform:
  m_ObjectHideFlags: 0
  m_CorrespondingSourceObject: {fileID: 0}
  m_PrefabInstance: {fileID: 0}
  m_PrefabAsset: {fileID: 0}
  m_GameObject: {fileID: 6579870998968033904}
  m_LocalRotation: {x: -0.5, y: 0.49999976, z: -0.5000003, w: -0.5}
  m_LocalPosition: {x: -0.0149896145, y: 0.012628078, z: 0.09819615}
  m_LocalScale: {x: -1.0000246, y: 1.0000125, z: 1.0000124}
  m_ConstrainProportionsScale: 0
  m_Children: []
  m_Father: {fileID: 6579870999362108521}
  m_RootOrder: 1
  m_LocalEulerAnglesHint: {x: 0, y: 0, z: 0}
--- !u!33 &6579870998968033916
MeshFilter:
  m_ObjectHideFlags: 0
  m_CorrespondingSourceObject: {fileID: 0}
  m_PrefabInstance: {fileID: 0}
  m_PrefabAsset: {fileID: 0}
  m_GameObject: {fileID: 6579870998968033904}
  m_Mesh: {fileID: -8165695470987073667, guid: 575aa42591a6ff14781e433142712dfe, type: 3}
--- !u!23 &6579870998968033919
MeshRenderer:
  m_ObjectHideFlags: 0
  m_CorrespondingSourceObject: {fileID: 0}
  m_PrefabInstance: {fileID: 0}
  m_PrefabAsset: {fileID: 0}
  m_GameObject: {fileID: 6579870998968033904}
  m_Enabled: 1
  m_CastShadows: 1
  m_ReceiveShadows: 1
  m_DynamicOccludee: 1
  m_StaticShadowCaster: 0
  m_MotionVectors: 1
  m_LightProbeUsage: 1
  m_ReflectionProbeUsage: 1
  m_RayTracingMode: 2
  m_RayTraceProcedural: 0
  m_RenderingLayerMask: 1
  m_RendererPriority: 0
  m_Materials:
  - {fileID: 2100000, guid: 35b8145feee275543b1e84d9f1a85b80, type: 2}
  m_StaticBatchInfo:
    firstSubMesh: 0
    subMeshCount: 0
  m_StaticBatchRoot: {fileID: 0}
  m_ProbeAnchor: {fileID: 0}
  m_LightProbeVolumeOverride: {fileID: 0}
  m_ScaleInLightmap: 1
  m_ReceiveGI: 1
  m_PreserveUVs: 0
  m_IgnoreNormalsForChartDetection: 0
  m_ImportantGI: 0
  m_StitchLightmapSeams: 1
  m_SelectedEditorRenderState: 3
  m_MinimumChartSize: 4
  m_AutoUVMaxDistance: 0.5
  m_AutoUVMaxAngle: 89
  m_LightmapParameters: {fileID: 0}
  m_SortingLayerID: 0
  m_SortingLayer: 0
  m_SortingOrder: 0
  m_AdditionalVertexStreams: {fileID: 0}
--- !u!1 &6579870999022519893
GameObject:
  m_ObjectHideFlags: 0
  m_CorrespondingSourceObject: {fileID: 0}
  m_PrefabInstance: {fileID: 0}
  m_PrefabAsset: {fileID: 0}
  serializedVersion: 6
  m_Component:
  - component: {fileID: 6579870999022519890}
  - component: {fileID: 6579870999022519891}
  m_Layer: 0
  m_Name: GripPointBack
  m_TagString: Untagged
  m_Icon: {fileID: 0}
  m_NavMeshLayer: 0
  m_StaticEditorFlags: 0
  m_IsActive: 1
--- !u!4 &6579870999022519890
Transform:
  m_ObjectHideFlags: 0
  m_CorrespondingSourceObject: {fileID: 0}
  m_PrefabInstance: {fileID: 0}
  m_PrefabAsset: {fileID: 0}
  m_GameObject: {fileID: 6579870999022519893}
  m_LocalRotation: {x: 0.48818064, y: 0.504239, z: -0.5298659, w: -0.47609323}
  m_LocalPosition: {x: 0.076710045, y: 0, z: 0.0787946}
  m_LocalScale: {x: 1, y: 1, z: 1}
  m_ConstrainProportionsScale: 0
  m_Children: []
  m_Father: {fileID: 6579870999362108521}
  m_RootOrder: 4
  m_LocalEulerAnglesHint: {x: -3.986, y: 89.147, z: -87.808}
--- !u!114 &6579870999022519891
MonoBehaviour:
  m_ObjectHideFlags: 0
  m_CorrespondingSourceObject: {fileID: 0}
  m_PrefabInstance: {fileID: 0}
  m_PrefabAsset: {fileID: 0}
  m_GameObject: {fileID: 6579870999022519893}
  m_Enabled: 1
  m_EditorHideFlags: 0
  m_Script: {fileID: 11500000, guid: ab52d2f563d6a2547a95671c153ebbb3, type: 3}
  m_Name: 
  m_EditorClassIdentifier: 
  handPoseType: 1
  SelectedHandPose: {fileID: 0}
  HandPose: 0
  LeftHandIsValid: 1
  RightHandIsValid: 1
  HandPosition: {fileID: 0}
  MaxDegreeDifferenceAllowed: 180
  IndexBlendMin: 0
  IndexBlendMax: 0
  ThumbBlendMin: 0
  ThumbBlendMax: 0
  ShowAngleGizmo: 1
--- !u!1 &6579870999047442674
GameObject:
  m_ObjectHideFlags: 0
  m_CorrespondingSourceObject: {fileID: 0}
  m_PrefabInstance: {fileID: 0}
  m_PrefabAsset: {fileID: 0}
  serializedVersion: 6
  m_Component:
  - component: {fileID: 6579870999047442675}
  - component: {fileID: 6579870999047442686}
  - component: {fileID: 6579870999047442673}
  - component: {fileID: 6579870999047442672}
  m_Layer: 0
  m_Name: Handle
  m_TagString: Untagged
  m_Icon: {fileID: 0}
  m_NavMeshLayer: 0
  m_StaticEditorFlags: 0
  m_IsActive: 1
--- !u!4 &6579870999047442675
Transform:
  m_ObjectHideFlags: 0
  m_CorrespondingSourceObject: {fileID: 0}
  m_PrefabInstance: {fileID: 0}
  m_PrefabAsset: {fileID: 0}
  m_GameObject: {fileID: 6579870999047442674}
  m_LocalRotation: {x: -0.49999997, y: 0.5, z: 0.5, w: -0.50000006}
  m_LocalPosition: {x: 0.8056166, y: -0.007503748, z: 0.9560038}
  m_LocalScale: {x: 1, y: 1, z: 1}
  m_ConstrainProportionsScale: 0
  m_Children:
  - {fileID: 6579870997744333984}
  m_Father: {fileID: 6579870998541702089}
  m_RootOrder: 2
  m_LocalEulerAnglesHint: {x: 0, y: 0, z: 0}
--- !u!54 &6579870999047442686
Rigidbody:
  m_ObjectHideFlags: 0
  m_CorrespondingSourceObject: {fileID: 0}
  m_PrefabInstance: {fileID: 0}
  m_PrefabAsset: {fileID: 0}
  m_GameObject: {fileID: 6579870999047442674}
  serializedVersion: 2
  m_Mass: 1
  m_Drag: 0
  m_AngularDrag: 0.05
  m_UseGravity: 0
  m_IsKinematic: 0
  m_Interpolate: 0
  m_Constraints: 0
  m_CollisionDetection: 0
--- !u!138 &6579870999047442673
FixedJoint:
  m_ObjectHideFlags: 0
  m_CorrespondingSourceObject: {fileID: 0}
  m_PrefabInstance: {fileID: 0}
  m_PrefabAsset: {fileID: 0}
  m_GameObject: {fileID: 6579870999047442674}
  m_ConnectedBody: {fileID: 6579870998541702135}
  m_ConnectedArticulationBody: {fileID: 0}
  m_BreakForce: Infinity
  m_BreakTorque: Infinity
  m_EnableCollision: 0
  m_EnablePreprocessing: 1
  m_MassScale: 1
  m_ConnectedMassScale: 1
--- !u!114 &6579870999047442672
MonoBehaviour:
  m_ObjectHideFlags: 0
  m_CorrespondingSourceObject: {fileID: 0}
  m_PrefabInstance: {fileID: 0}
  m_PrefabAsset: {fileID: 0}
  m_GameObject: {fileID: 6579870999047442674}
  m_Enabled: 1
  m_EditorHideFlags: 0
  m_Script: {fileID: 11500000, guid: a98a21619d94b5c4fbc373c955cf0432, type: 3}
  m_Name: 
  m_EditorClassIdentifier: 
  FollowTransform: {fileID: 6579870997744333984}
--- !u!1 &6579870999227617071
GameObject:
  m_ObjectHideFlags: 0
  m_CorrespondingSourceObject: {fileID: 0}
  m_PrefabInstance: {fileID: 0}
  m_PrefabAsset: {fileID: 0}
  serializedVersion: 6
  m_Component:
  - component: {fileID: 6579870999227617068}
  - component: {fileID: 6579870999227617069}
  m_Layer: 0
  m_Name: GripPointFrontReversed
  m_TagString: Untagged
  m_Icon: {fileID: 0}
  m_NavMeshLayer: 0
  m_StaticEditorFlags: 0
  m_IsActive: 1
--- !u!4 &6579870999227617068
Transform:
  m_ObjectHideFlags: 0
  m_CorrespondingSourceObject: {fileID: 0}
  m_PrefabInstance: {fileID: 0}
  m_PrefabAsset: {fileID: 0}
  m_GameObject: {fileID: 6579870999227617071}
  m_LocalRotation: {x: 0.45028898, y: -0.47116923, z: 0.5240149, w: -0.54831356}
  m_LocalPosition: {x: -0.07178855, y: -0.00009679794, z: 0.08819592}
  m_LocalScale: {x: 1, y: 1.0000165, z: 1.0000275}
  m_ConstrainProportionsScale: 0
  m_Children: []
  m_Father: {fileID: 6579870999362108521}
  m_RootOrder: 3
  m_LocalEulerAnglesHint: {x: 0, y: -81.345, z: -267.404}
--- !u!114 &6579870999227617069
MonoBehaviour:
  m_ObjectHideFlags: 0
  m_CorrespondingSourceObject: {fileID: 0}
  m_PrefabInstance: {fileID: 0}
  m_PrefabAsset: {fileID: 0}
  m_GameObject: {fileID: 6579870999227617071}
  m_Enabled: 1
  m_EditorHideFlags: 0
  m_Script: {fileID: 11500000, guid: ab52d2f563d6a2547a95671c153ebbb3, type: 3}
  m_Name: 
  m_EditorClassIdentifier: 
  handPoseType: 1
  SelectedHandPose: {fileID: 0}
  HandPose: 0
  LeftHandIsValid: 1
  RightHandIsValid: 1
  HandPosition: {fileID: 0}
  MaxDegreeDifferenceAllowed: 180
  IndexBlendMin: 0
  IndexBlendMax: 0
  ThumbBlendMin: 0
  ThumbBlendMax: 0
  ShowAngleGizmo: 1
--- !u!1 &6579870999246610513
GameObject:
  m_ObjectHideFlags: 0
  m_CorrespondingSourceObject: {fileID: 0}
  m_PrefabInstance: {fileID: 0}
  m_PrefabAsset: {fileID: 0}
  serializedVersion: 6
  m_Component:
  - component: {fileID: 6579870999246610526}
  m_Layer: 0
  m_Name: LookAtTransform
  m_TagString: Untagged
  m_Icon: {fileID: 0}
  m_NavMeshLayer: 0
  m_StaticEditorFlags: 0
  m_IsActive: 1
--- !u!4 &6579870999246610526
Transform:
  m_ObjectHideFlags: 0
  m_CorrespondingSourceObject: {fileID: 0}
  m_PrefabInstance: {fileID: 0}
  m_PrefabAsset: {fileID: 0}
  m_GameObject: {fileID: 6579870999246610513}
  m_LocalRotation: {x: 0, y: 0, z: 0, w: 1}
  m_LocalPosition: {x: 0, y: 0, z: 0.00070095086}
  m_LocalScale: {x: 1, y: 1, z: 1}
  m_ConstrainProportionsScale: 0
  m_Children: []
  m_Father: {fileID: 6579870997744333984}
  m_RootOrder: 0
  m_LocalEulerAnglesHint: {x: 0, y: 0, z: 0}
--- !u!1 &6579870999362108520
GameObject:
  m_ObjectHideFlags: 0
  m_CorrespondingSourceObject: {fileID: 0}
  m_PrefabInstance: {fileID: 0}
  m_PrefabAsset: {fileID: 0}
  serializedVersion: 6
  m_Component:
  - component: {fileID: 6579870999362108521}
  - component: {fileID: 6579870999362108438}
  m_Layer: 0
  m_Name: Gagang
  m_TagString: Untagged
  m_Icon: {fileID: 0}
  m_NavMeshLayer: 0
  m_StaticEditorFlags: 0
  m_IsActive: 1
--- !u!4 &6579870999362108521
Transform:
  m_ObjectHideFlags: 0
  m_CorrespondingSourceObject: {fileID: 0}
  m_PrefabInstance: {fileID: 0}
  m_PrefabAsset: {fileID: 0}
  m_GameObject: {fileID: 6579870999362108520}
  m_LocalRotation: {x: 0.5, y: -0.5, z: -0.5, w: 0.5}
  m_LocalPosition: {x: 0.8007128, y: 0, z: 0.9523319}
  m_LocalScale: {x: 1, y: 1, z: 1}
  m_ConstrainProportionsScale: 0
  m_Children:
  - {fileID: 6579870998701169710}
  - {fileID: 6579870998968033905}
  - {fileID: 6579870998724279776}
  - {fileID: 6579870999227617068}
  - {fileID: 6579870999022519890}
  - {fileID: 6579870998954243267}
  m_Father: {fileID: 6579870998541702089}
  m_RootOrder: 0
  m_LocalEulerAnglesHint: {x: -90.935, y: 90, z: -90}
--- !u!114 &6579870999362108438
MonoBehaviour:
  m_ObjectHideFlags: 0
  m_CorrespondingSourceObject: {fileID: 0}
  m_PrefabInstance: {fileID: 0}
  m_PrefabAsset: {fileID: 0}
  m_GameObject: {fileID: 6579870999362108520}
  m_Enabled: 1
  m_EditorHideFlags: 0
  m_Script: {fileID: 11500000, guid: 34d1f1e3d26e9c7448a5d1591e5114db, type: 3}
  m_Name: 
  m_EditorClassIdentifier: 
  LookAt: {fileID: 6579870999246610526}
  HandleGrabbable: {fileID: 6579870997744333998}
  Speed: 5
  LocalYMin: 215
  LocalYMax: 270
--- !u!1 &6579870999368925619
GameObject:
  m_ObjectHideFlags: 0
  m_CorrespondingSourceObject: {fileID: 0}
  m_PrefabInstance: {fileID: 0}
  m_PrefabAsset: {fileID: 0}
  serializedVersion: 6
  m_Component:
  - component: {fileID: 6579870999368925616}
  m_Layer: 0
  m_Name: Panto
  m_TagString: Untagged
  m_Icon: {fileID: 0}
  m_NavMeshLayer: 0
  m_StaticEditorFlags: 0
  m_IsActive: 1
--- !u!4 &6579870999368925616
Transform:
  m_ObjectHideFlags: 0
  m_CorrespondingSourceObject: {fileID: 0}
  m_PrefabInstance: {fileID: 0}
  m_PrefabAsset: {fileID: 0}
  m_GameObject: {fileID: 6579870999368925619}
  m_LocalRotation: {x: 0, y: 1, z: 0, w: -0.00000004371139}
  m_LocalPosition: {x: 8.050001, y: 2.0686579, z: -9.504984}
  m_LocalScale: {x: 1, y: 1, z: 1}
  m_ConstrainProportionsScale: 0
  m_Children:
  - {fileID: 6579870998541702089}
  m_Father: {fileID: 0}
  m_RootOrder: 0
  m_LocalEulerAnglesHint: {x: 0, y: 0, z: 0}
