%YAML 1.1
%TAG !u! tag:unity3d.com,2011:
--- !u!1 &3875734781309172326
GameObject:
  m_ObjectHideFlags: 0
  m_CorrespondingSourceObject: {fileID: 0}
  m_PrefabInstance: {fileID: 0}
  m_PrefabAsset: {fileID: 0}
  serializedVersion: 6
  m_Component:
  - component: {fileID: 3875734781309172325}
  - component: {fileID: 3875734781309172323}
  - component: {fileID: 3875734781309172324}
  - component: {fileID: 3875734781309172322}
  m_Layer: 10
  m_Name: Suling Bambu
  m_TagString: Untagged
  m_Icon: {fileID: 0}
  m_NavMeshLayer: 0
  m_StaticEditorFlags: 0
  m_IsActive: 1
--- !u!4 &3875734781309172325
Transform:
  m_ObjectHideFlags: 0
  m_CorrespondingSourceObject: {fileID: 0}
  m_PrefabInstance: {fileID: 0}
  m_PrefabAsset: {fileID: 0}
  m_GameObject: {fileID: 3875734781309172326}
  m_LocalRotation: {x: 0, y: 0, z: 0.7071068, w: 0.7071068}
  m_LocalPosition: {x: -5.6667333, y: 0.3756703, z: -1.4828568}
  m_LocalScale: {x: 1, y: 1, z: 1}
  m_ConstrainProportionsScale: 0
  m_Children:
  - {fileID: 3621977405572459357}
  m_Father: {fileID: 0}
  m_RootOrder: 0
  m_LocalEulerAnglesHint: {x: 0, y: 0, z: 90}
--- !u!54 &3875734781309172323
Rigidbody:
  m_ObjectHideFlags: 0
  m_CorrespondingSourceObject: {fileID: 0}
  m_PrefabInstance: {fileID: 0}
  m_PrefabAsset: {fileID: 0}
  m_GameObject: {fileID: 3875734781309172326}
  serializedVersion: 2
  m_Mass: 1
  m_Drag: 0
  m_AngularDrag: 0.05
  m_UseGravity: 1
  m_IsKinematic: 0
  m_Interpolate: 0
  m_Constraints: 0
  m_CollisionDetection: 0
--- !u!136 &3875734781309172324
CapsuleCollider:
  m_ObjectHideFlags: 0
  m_CorrespondingSourceObject: {fileID: 0}
  m_PrefabInstance: {fileID: 0}
  m_PrefabAsset: {fileID: 0}
  m_GameObject: {fileID: 3875734781309172326}
  m_Material: {fileID: 0}
  m_IsTrigger: 0
  m_Enabled: 1
  m_Radius: 0.021
  m_Height: 0.7
  m_Direction: 1
  m_Center: {x: 0.005, y: 0, z: -0.007}
--- !u!114 &3875734781309172322
MonoBehaviour:
  m_ObjectHideFlags: 0
  m_CorrespondingSourceObject: {fileID: 0}
  m_PrefabInstance: {fileID: 0}
  m_PrefabAsset: {fileID: 0}
  m_GameObject: {fileID: 3875734781309172326}
  m_Enabled: 1
  m_EditorHideFlags: 0
  m_Script: {fileID: 11500000, guid: 5cdea428d48e2bb488d33d5f75c39bb9, type: 3}
  m_Name: 
  m_EditorClassIdentifier: 
  BeingHeld: 0
  GrabButton: 2
  Grabtype: 2
  GrabPhysics: 4
  GrabMechanic: 1
  GrabSpeed: 15
  RemoteGrabbable: 0
  RemoteGrabMechanic: 0
  RemoteGrabDistance: 2
  ThrowForceMultiplier: 2
  ThrowForceMultiplierAngular: 1.5
  BreakDistance: 0
  HideHandGraphics: 0
  ParentToHands: 0
  ParentHandModel: 1
  SnapHandModel: 1
  CanBeDropped: 1
  CanBeSnappedToSnapZone: 1
  ForceDisableKinematicOnDrop: 0
  InstantMovement: 0
  MakeChildCollidersGrabbable: 0
  handPoseType: 3
  SelectedHandPose: {fileID: 0}
  CustomHandPose: 0
  SecondaryGrabBehavior: 2
  TwoHandedPosition: 0
  TwoHandedPostionLerpAmount: 0.5
  TwoHandedRotation: 1
  TwoHandedRotationLerpAmount: 0.5
  TwoHandedDropBehavior: 1
  TwoHandedLookVector: 0
  SecondHandLookSpeed: 40
  SecondaryGrabbable: {fileID: 0}
  OtherGrabbableMustBeGrabbed: {fileID: 0}
  CollisionSpring: 3000
  CollisionSlerp: 500
  CollisionLinearMotionX: 2
  CollisionLinearMotionY: 2
  CollisionLinearMotionZ: 2
  CollisionAngularMotionX: 2
  CollisionAngularMotionY: 2
  CollisionAngularMotionZ: 2
  ApplyCorrectiveForce: 1
  MoveVelocityForce: 3000
  MoveAngularVelocityForce: 90
  LastGrabTime: 0
  LastDropTime: 0
  AddControllerVelocityOnDrop: 1
  collisions: []
  ActiveGrabPoint: {fileID: 0}
  SecondaryLookOffset: {x: 0, y: 0, z: 0}
  SecondaryLookAtTransform: {fileID: 0}
  LocalOffsetTransform: {fileID: 0}
  GrabPoints: []
  UseCustomInspector: 1
  lastFlickTime: 0
  FlickForce: 1
--- !u!1001 &3875734781737979062
PrefabInstance:
  m_ObjectHideFlags: 0
  serializedVersion: 2
  m_Modification:
    m_TransformParent: {fileID: 3875734781309172325}
    m_Modifications:
    - target: {fileID: -8679921383154817045, guid: a520b6c8ad0163141891909e812d7362,
        type: 3}
      propertyPath: m_RootOrder
      value: 0
      objectReference: {fileID: 0}
    - target: {fileID: -8679921383154817045, guid: a520b6c8ad0163141891909e812d7362,
        type: 3}
      propertyPath: m_LocalScale.x
      value: 0.5
      objectReference: {fileID: 0}
    - target: {fileID: -8679921383154817045, guid: a520b6c8ad0163141891909e812d7362,
        type: 3}
      propertyPath: m_LocalScale.z
      value: 0.5
      objectReference: {fileID: 0}
    - target: {fileID: -8679921383154817045, guid: a520b6c8ad0163141891909e812d7362,
        type: 3}
      propertyPath: m_LocalPosition.x
      value: 0.008806229
      objectReference: {fileID: 0}
    - target: {fileID: -8679921383154817045, guid: a520b6c8ad0163141891909e812d7362,
        type: 3}
      propertyPath: m_LocalPosition.y
      value: -0.3120402
      objectReference: {fileID: 0}
    - target: {fileID: -8679921383154817045, guid: a520b6c8ad0163141891909e812d7362,
        type: 3}
      propertyPath: m_LocalPosition.z
      value: -0.004798889
      objectReference: {fileID: 0}
    - target: {fileID: -8679921383154817045, guid: a520b6c8ad0163141891909e812d7362,
        type: 3}
      propertyPath: m_LocalRotation.w
      value: 0.0000029504295
      objectReference: {fileID: 0}
    - target: {fileID: -8679921383154817045, guid: a520b6c8ad0163141891909e812d7362,
        type: 3}
      propertyPath: m_LocalRotation.x
      value: -0
      objectReference: {fileID: 0}
    - target: {fileID: -8679921383154817045, guid: a520b6c8ad0163141891909e812d7362,
        type: 3}
      propertyPath: m_LocalRotation.y
      value: 1
      objectReference: {fileID: 0}
    - target: {fileID: -8679921383154817045, guid: a520b6c8ad0163141891909e812d7362,
        type: 3}
      propertyPath: m_LocalRotation.z
      value: -0
      objectReference: {fileID: 0}
    - target: {fileID: -8679921383154817045, guid: a520b6c8ad0163141891909e812d7362,
        type: 3}
      propertyPath: m_LocalEulerAnglesHint.x
      value: 0
      objectReference: {fileID: 0}
    - target: {fileID: -8679921383154817045, guid: a520b6c8ad0163141891909e812d7362,
        type: 3}
      propertyPath: m_LocalEulerAnglesHint.y
      value: 180
      objectReference: {fileID: 0}
    - target: {fileID: -8679921383154817045, guid: a520b6c8ad0163141891909e812d7362,
        type: 3}
      propertyPath: m_LocalEulerAnglesHint.z
      value: 0
      objectReference: {fileID: 0}
    - target: {fileID: -6345285779419725671, guid: a520b6c8ad0163141891909e812d7362,
        type: 3}
      propertyPath: m_Layer
      value: 10
      objectReference: {fileID: 0}
    - target: {fileID: 919132149155446097, guid: a520b6c8ad0163141891909e812d7362,
        type: 3}
      propertyPath: m_Name
      value: suling bambu
      objectReference: {fileID: 0}
    - target: {fileID: 919132149155446097, guid: a520b6c8ad0163141891909e812d7362,
        type: 3}
      propertyPath: m_Layer
      value: 10
      objectReference: {fileID: 0}
    m_RemovedComponents: []
  m_SourcePrefab: {fileID: 100100000, guid: a520b6c8ad0163141891909e812d7362, type: 3}
--- !u!4 &3621977405572459357 stripped
Transform:
  m_CorrespondingSourceObject: {fileID: -8679921383154817045, guid: a520b6c8ad0163141891909e812d7362,
    type: 3}
  m_PrefabInstance: {fileID: 3875734781737979062}
  m_PrefabAsset: {fileID: 0}
